@misc{SLY,
  title        = {Documentaci√≥n libreria SLY},
  howpublished = {\url{https://sly.readthedocs.io/en/latest/}}
}
