@misc{SLY,
  title        = {Documentaci√≥n libreria SLY},
  howpublished = {\url{https://sly.readthedocs.io/en/latest/}}
}
@misc{TABLA-LR,
  title        = {Generador de tabla LR(1)},
  howpublished = {\url{http://jsmachines.sourceforge.net/machines/lr1.html}}
}